<record><leader>00000cas a22000007a 4500</leader><controlfield tag="001">23741768</controlfield><controlfield tag="008">910514d196119uupr mr ne      0    0spa d</controlfield><datafield ind1=" " ind2=" " tag="010"><subfield code="a">sn 91099742 </subfield></datafield><datafield ind1=" " ind2=" " tag="040"><subfield code="a">PNN</subfield><subfield code="b">eng</subfield><subfield code="c">PNN</subfield><subfield code="d">OCLCQ</subfield></datafield><datafield ind1=" " ind2=" " tag="042"><subfield code="a">msc</subfield></datafield><datafield ind1="0" ind2="0" tag="245"><subfield code="a">Vanguardia universitaria liberal.</subfield></datafield><datafield ind1=" " ind2=" " tag="260"><subfield code="a">[Ri&#769;o Piedras, P.R.] :</subfield><subfield code="b">Vanguardia Universitaria Liberal</subfield></datafield><datafield ind1=" " ind2=" " tag="300"><subfield code="a">v.</subfield></datafield><datafield ind1=" " ind2=" " tag="310"><subfield code="a">Monthly</subfield></datafield><datafield ind1="0" ind2=" " tag="362"><subfield code="a">Vol. 1, Nu&#769;m. 1 (noviembre, 1961)-</subfield></datafield><datafield ind1=" " ind2=" " tag="500"><subfield code="a">&quot;Un perio&#769;dico por y para los estudiantes.&quot;</subfield></datafield><datafield ind1=" " ind2=" " tag="752"><subfield code="a">United States</subfield><subfield code="b">Puerto Rico</subfield><subfield code="d">Ri&#769;o Piedras.</subfield></datafield><datafield ind1="1" ind2=" " tag="029"><subfield code="a">AU@</subfield><subfield code="b">000025880926</subfield></datafield></record>